@inproceedings{cambiaso2012taxonomy,
  title={Taxonomy of slow DoS attacks to web applications},
  author={Cambiaso, Enrico and Papaleo, Gianluca and Aiello, Maurizio},
  booktitle={International Conference on Security in Computer Networks and Distributed Systems},
  pages={195--204},
  year={2012},
  organization={Springer}
}
